@phdthesis{杨清龙2013基于网络日志的互联网用户行为分析,
  title={基于网络日志的互联网用户行为分析},
  author={杨清龙},
  school={华中科技大学},
  type = {D},
  year={2013},
}

@phdthesis{程辉2013网络用户偏好分析及话题趋势预测方法研究,
  title={网络用户偏好分析及话题趋势预测方法研究},
  author={程辉},
  school={北京交通大学},
  type = {D},
  year={2013},
}

@phdthesis{张欢2014网络用户偏好分析方法的研究,
  title={网络用户偏好分析方法的研究},
  author={张欢},
  school={北京交通大学},
  year={2014},
  type = {D},
}

@phdthesis{乔媛媛2014基于,
  title={基于Hadoop的网络流量分析系统的研究与应用},
  author={乔媛媛},
  school={北京邮电大学},
  type = {D},
  year={2014},
}

@phdthesis{延皓2011基于流量监测的网络用户行为分析,
  title={基于流量监测的网络用户行为分析},
  author={延皓},
  school={北京邮电大学},
  type = {D},
  year={2011},
}

@phdthesis{董超2013基于网络流量监测的移动互联网特征研究,
  title={基于网络流量监测的移动互联网特征研究},
  author={董超},
  school={北京邮电大学},
  year={2013},
  type = {D},
}

@inproceedings{Kohlsch2010Boilerplate,
  title={Boilerplate Detection Using Shallow Text Features},
  author={Kohlschütter, Christian and Fankhauser, Peter and Nejdl, Wolfgang},
  booktitle={International Conference on Web Search and Web Data Mining},
  pages={441-450},
  year={2010},
  type = {C},
}

@phdthesis{史艳翠2013基于通信数据的上下文移动用户偏好动态获取方法研究,
  title={基于通信数据的上下文移动用户偏好动态获取方法研究},
  author={史艳翠},
  school={北京邮电大学},
  type = {D},
  year={2013},
}

@article{Linden2010Amazon,
  title={Amazon.com Recommendations: Item-to-Item Collaborative Filtering},
  author={Linden, Greg and Smith, Brent and York, Jeremy},
  journal={IEEE Internet Computing},
  volume={7},
  type = {J},
  number={1},
  pages={76-80},
  year={2010},
} 

@article{Gomez2015The,
  title={The Netflix Recommender System: Algorithms, Business Value, and Innovation},
  author={Gomez-Uribe, Carlos A. and Hunt, Neil},
  journal={Acm Transactions on Management Information Systems},
  volume={6},
  type = {J},
  number={4},
  pages={29-47},
  year={2015},
}

@inproceedings{Davidson2010The,
  title={The YouTube video recommendation system},
  author={Davidson, James and Liebald, Benjamin and Liu, Junning and Nandy, Palash and Van Vleet, Taylor and Gargi, Ullas and Gupta, Sujoy and He, Yu and Lambert, Mike and Livingston, Blake},
  booktitle={Fourth Acm Conference on Recommender Systems},
  type = {C},
  pages={293-296},
  year={2010},
}

@article{kiss2006unsupervised,
  title={Unsupervised multilingual sentence boundary detection},
  author={Kiss, Tibor and Strunk, Jan},
  journal={Computational Linguistics},
  volume={32},
  type = {J},
  number={4},
  pages={485--525},
  year={2006},
  publisher={MIT Press}
}

@article{Owoputi2015Improved,
  title={Improved part-of-speech tagging for online conversational text with word clusters},
  author={Owoputi, By Olutobi and Dyer, Chris and Gimpel, Kevin and Schneider, Nathan and Smith, Noah A.},
  type = {J},
  journal={Proceedings of Naacl},
  year={2015},
}

@inproceedings{Gimpel2011Part,
  title={Part-of-speech tagging for Twitter: annotation, features, and experiments},
  author={Gimpel, Kevin and Schneider, Nathan and O'Connor, Brendan and Das, Dipanjan and Mills, Daniel and Eisenstein, Jacob and Heilman, Michael and Yogatama, Dani and Flanigan, Jeffrey and Smith, Noah A.},
  booktitle={The 49th Annual Meeting of the Association for Computational Linguistics: Human Language Technologies, Proceedings of the Conference, 19-24 June, 2011, Portland, Oregon, USA - Short Papers},
  pages={42-47},
  type = {C},
  year={2011},
}

@inproceedings{Derczynski2013Twitter,
  title={Twitter Part-of-Speech Tagging for All: Overcoming Sparse and Noisy Data},
  author={Derczynski, Leon and Ritter, Alan and Clark, Sam and Bontcheva, Kalina},
  booktitle={Recent Advances in Natural Language Processing - RANLP},
  type = {C},
  year={2013},
}

@inproceedings{resnick1994grouplens,
  title={GroupLens: an open architecture for collaborative filtering of netnews},
  author={Resnick, Paul and Iacovou, Neophytos and Suchak, Mitesh and Bergstrom, Peter and Riedl, John},
  booktitle={Proceedings of the 1994 ACM conference on Computer supported cooperative work},
  pages={175--186},
  type = {J},
  year={1994},
  organization={ACM}
}

@article{adomavicius2005toward,
  title={Toward the next generation of recommender systems: A survey of the state-of-the-art and possible extensions},
  author={Adomavicius, Gediminas and Tuzhilin, Alexander},
  journal={Knowledge and Data Engineering, IEEE Transactions on},
  volume={17},
  number={6},
  pages={734--749},
  year={2005},
  type = {J},
  publisher={IEEE}
}

@inproceedings{herlocker2000explaining,
  title={Explaining collaborative filtering recommendations},
  author={Herlocker, Jonathan L and Konstan, Joseph A and Riedl, John},
  booktitle={Proceedings of the 2000 ACM conference on Computer supported cooperative work},
  type = {C},
  pages={241--250},
  year={2000},
  organization={ACM}
}

@inproceedings{Zhang2007A,
  title={A recursive prediction algorithm for collaborative filtering recommender systems},
  author={Zhang, Jiyong and Pu, Pearl},
  booktitle={Acm Conference on Recommender Systems},
  pages={57-64},
  type = {C},
  year={2007},
}

@article{Singhal2001Modern,
  title={Modern Information Retrieval: A Brief Overview},
  author={Singhal, Amit},
  journal={Bulletin of the IEEE Computer Society Technical Committee on Data Engineering},
  type = {J},
  volume={24},
  number={24},
  pages={35-43},
  year={2001},
}

@inproceedings{shi2009exploiting,
  title={Exploiting user similarity based on rated-item pools for improved user-based collaborative filtering},
  author={Shi, Yue and Larson, Martha and Hanjalic, Alan},
  booktitle={Proceedings of the third ACM conference on Recommender systems},
  pages={125--132},
  year={2009},
  type = {C},
  organization={ACM}
}

@article{Chang2008Bigtable,
  title={Bigtable: A Distributed Storage System for Structured Data},
  author={Chang, Fay and Dean, Jeffrey and Ghemawat, Sanjay and Hsieh, Wilson C. and Wallach, Deborah A. and Burrows, Mike and Chandra, Tushar and Fikes, Andrew and Gruber, Robert E.},
  journal={Acm Transactions on Computer Systems},
  volume={26},
  number={2},
  type = {J},
  pages={205--218},
  year={2008},
}

@inproceedings{Ghemawat2003The,
  title={The Google file system},
  author={Ghemawat, Sanjay and Gobioff, Howard and Leung, Shun Tak},
  booktitle={Acm Sigops Operating Systems Review},
  pages={29-43},
  type = {C},
  year={2003},
}

@article{Ghemawat2004MapReduce,
  title={MapReduce: simplifieddata processing on largeclusters},
  author={Ghemawat, J Dean Ands},
  journal={Inproceedings Ofosdi},
  volume={51},
  number={1},
  pages={147–152},
  year={2004},
  type = {J},
}

@article{刘群2004基于层叠隐马模型的汉语词法分析,
  title={基于层叠隐马模型的汉语词法分析},
  author={刘群 and 张华平 and 俞鸿魁 and 程学旗},
  journal={计算机研究与发展},
  type = {J},
  volume={41},
  number={8},
  pages={1421-1429},
  year={2004},
}

@article{Amdahl1967Validity,
  title={Validity of the single processor approach to achieving large scale computing capabilities},
  author={Amdahl, Gene M.},
  journal={In Proc. AFIPS 1967 Spring Joint Computer Conf},
  volume={30},
  pages={483},
  year={1967},
  type = {J},
}
